%% This BibTeX bibliography file was created using BibDesk.
%% https://bibdesk.sourceforge.io/

%% Created for John Bamberg at 2021-01-11 15:32:23 +0800 


%% Saved with string encoding Unicode (UTF-8) 



@article{WS,
	Author = {Spinoza, Hannah and West, Douglas B.},
	Date-Added = {2021-01-11 15:32:10 +0800},
	Date-Modified = {2021-01-11 15:32:16 +0800},
	Doi = {10.1002/jgt.22409},
	Fjournal = {Journal of Graph Theory},
	Issn = {0364-9024},
	Journal = {J. Graph Theory},
	Mrclass = {05C60 (05C07)},
	Mrnumber = {3915185},
	Mrreviewer = {Bernd S. W. Schr\"{o}der},
	Number = {4},
	Pages = {497--522},
	Title = {Reconstruction from the deck of {$k$}-vertex induced subgraphs},
	Url = {https://mathscinet.ams.org/mathscinet-getitem?mr=3915185},
	Volume = {90},
	Year = {2019},
	Bdsk-Url-1 = {https://mathscinet.ams.org/mathscinet-getitem?mr=3915185}}

@article{HHRT,
	Author = {Hemaspaandra, Edith and Hemaspaandra, Lane A. and Radziszowski, Stanis\l aw P. and Tripathi, Rahul},
	Date-Added = {2021-01-11 15:31:51 +0800},
	Date-Modified = {2021-01-11 15:32:22 +0800},
	Doi = {10.1016/j.dam.2006.04.038},
	Fjournal = {Discrete Applied Mathematics. The Journal of Combinatorial Algorithms, Informatics and Computational Sciences},
	Issn = {0166-218X},
	Journal = {Discrete Appl. Math.},
	Mrclass = {68Q25 (05C60 68R10)},
	Mrnumber = {2287413},
	Mrreviewer = {Dimitrios M. Thilikos},
	Number = {2},
	Pages = {103--118},
	Title = {Complexity results in graph reconstruction},
	Url = {https://mathscinet.ams.org/mathscinet-getitem?mr=2287413},
	Volume = {155},
	Year = {2007},
	Bdsk-Url-1 = {https://mathscinet.ams.org/mathscinet-getitem?mr=2287413}}

@article{Kelly,
	Author = {Kelly, Paul J.},
	Date-Added = {2021-01-11 15:30:17 +0800},
	Date-Modified = {2021-01-11 15:30:31 +0800},
	Fjournal = {Pacific Journal of Mathematics},
	Issn = {0030-8730},
	Journal = {Pacific J. Math.},
	Mrclass = {55.0X},
	Mrnumber = {87949},
	Mrreviewer = {W. T. Tutte},
	Pages = {961--968},
	Title = {A congruence theorem for trees},
	Url = {https://mathscinet.ams.org/mathscinet-getitem?mr=87949},
	Volume = {7},
	Year = {1957},
	Bdsk-Url-1 = {https://mathscinet.ams.org/mathscinet-getitem?mr=87949}}

@incollection{KSU,
	Author = {Kiyomi, Masashi and Saitoh, Toshiki and Uehara, Ryuhei},
	Booktitle = {Computing and combinatorics},
	Date-Added = {2021-01-11 15:30:00 +0800},
	Date-Modified = {2021-01-11 15:30:37 +0800},
	Doi = {10.1007/978-3-642-02882-3_12},
	Mrclass = {05C60 (05C62 68Q25)},
	Mrnumber = {2545774},
	Pages = {106--115},
	Publisher = {Springer, Berlin},
	Series = {Lecture Notes in Comput. Sci.},
	Title = {Reconstruction of interval graphs},
	Url = {https://mathscinet.ams.org/mathscinet-getitem?mr=2545774},
	Volume = {5609},
	Year = {2009},
	Bdsk-Url-1 = {https://mathscinet.ams.org/mathscinet-getitem?mr=2545774}}

@article{Stockmeyer,
	Author = {Stockmeyer, Paul K.},
	Date-Added = {2021-01-11 15:29:20 +0800},
	Date-Modified = {2021-01-11 15:30:48 +0800},
	Doi = {10.1002/jgt.3190010108},
	Fjournal = {Journal of Graph Theory},
	Issn = {0364-9024},
	Journal = {J. Graph Theory},
	Mrclass = {05C20},
	Mrnumber = {453584},
	Mrreviewer = {B. Manvel},
	Number = {1},
	Pages = {19--25},
	Title = {The falsity of the reconstruction conjecture for tournaments},
	Url = {https://mathscinet.ams.org/mathscinet-getitem?mr=453584},
	Volume = {1},
	Year = {1977},
	Bdsk-Url-1 = {https://mathscinet.ams.org/mathscinet-getitem?mr=453584}}

@book{Ulam,
	Author = {Ulam, S. M.},
	Date-Added = {2021-01-11 15:29:00 +0800},
	Date-Modified = {2021-01-11 15:30:52 +0800},
	Mrclass = {00.00},
	Mrnumber = {0120127},
	Mrreviewer = {A. Dvoretzky},
	Pages = {xiii+150},
	Publisher = {Interscience Publishers, New York-London},
	Series = {Interscience Tracts in Pure and Applied Mathematics, no. 8},
	Title = {A collection of mathematical problems},
	Url = {https://mathscinet.ams.org/mathscinet-getitem?mr=0120127},
	Year = {1960},
	Bdsk-Url-1 = {https://mathscinet.ams.org/mathscinet-getitem?mr=0120127}}

@article{FGH,
	Author = {Fisher, J. and Graham, R. L. and Harary, F.},
	Date-Added = {2020-12-18 10:18:23 +0800},
	Date-Modified = {2020-12-18 10:19:04 +0800},
	Doi = {10.1016/0095-8956(72)90026-3},
	Fjournal = {Journal of Combinatorial Theory. Series B},
	Issn = {0095-8956},
	Journal = {J. Combinatorial Theory Ser. B},
	Mrclass = {05C99},
	Mrnumber = {295946},
	Mrreviewer = {R. J. Douglas},
	Pages = {203--204},
	Title = {A simpler counterexample to the reconstruction conjecture for denumerable graphs},
	Url = {https://mathscinet.ams.org/mathscinet-getitem?mr=295946},
	Volume = {12},
	Year = {1972},
	Bdsk-Url-1 = {https://mathscinet.ams.org/mathscinet-getitem?mr=295946}}

@article{BH,
	Author = {Bondy, J. A. and Hemminger, R. L.},
	Date-Added = {2020-12-18 10:18:02 +0800},
	Date-Modified = {2020-12-18 10:18:54 +0800},
	Doi = {10.1002/jgt.3190010306},
	Fjournal = {Journal of Graph Theory},
	Issn = {0364-9024},
	Journal = {J. Graph Theory},
	Mrclass = {05C99},
	Mrnumber = {480189},
	Mrreviewer = {F. Harary},
	Number = {3},
	Pages = {227--268},
	Title = {Graph reconstruction---a survey},
	Url = {https://mathscinet.ams.org/mathscinet-getitem?mr=480189},
	Volume = {1},
	Year = {1977},
	Bdsk-Url-1 = {https://mathscinet.ams.org/mathscinet-getitem?mr=480189}}

@article{Bollobas,
	Author = {Bollob\'{a}s, B\'{e}la},
	Date-Added = {2020-12-18 10:17:15 +0800},
	Date-Modified = {2020-12-18 10:18:45 +0800},
	Doi = {10.1002/jgt.3190140102},
	Fjournal = {Journal of Graph Theory},
	Issn = {0364-9024},
	Journal = {J. Graph Theory},
	Mrclass = {05C60},
	Mrnumber = {1037416},
	Mrreviewer = {B. Manvel},
	Number = {1},
	Pages = {1--4},
	Title = {Almost every graph has reconstruction number three},
	Url = {https://mathscinet.ams.org/mathscinet-getitem?mr=1037416},
	Volume = {14},
	Year = {1990},
	Bdsk-Url-1 = {https://mathscinet.ams.org/mathscinet-getitem?mr=1037416}}
